@article{wainer1996depicting,
  title={Depicting error},
  author={Wainer, Howard},
  journal={The American Statistician},
  volume={50},
  number={2},
  pages={101--111},
  year={1996},
  publisher={Taylor \& Francis}
}
@article{allen2012data,
  title={Data visualization in the neurosciences: overcoming the curse of dimensionality},
  author={Allen, Elena A and Erhardt, Erik B and Calhoun, Vince D},
  journal={Neuron},
  volume={74},
  number={4},
  pages={603--608},
  year={2012},
  publisher={Elsevier}
}
@article{belia2005,
  title={Researchers misunderstand confidence intervals and standard error bars},
  author={Belia, S. and Fidler, F. and Williams, J. and Cumming, G.},
  journal={Psychological Methods},
  volume={10},
  number={4},
  pages={389--396},
  year={2005},
  publisher={American Psychological Association}
}
@article{hoekstra2014,
  title={Robust misinterpretation of confidence intervals},
  author={Hoekstra, R. and Morey, R. D. and Rouder, J. N. and Wagenmakers, E. J.},
  journal={Psychonomic Bulletin \& Review},
  volume={21},
  number={5},
  pages={1157--1164},
  year={2014},
  publisher={Springer}
}
@article{cumming2007,
  title={Error bars in experimental biology},
  author={Cumming, G. and Fidler, F. and Vaux, D. L.},
  journal={The Journal of Cell Biology},
  volume={177},
  number={1},
  pages={7--11},
  year={2007},
  publisher={Rockefeller University Press}
}
@article{krzywinski2013,
  title={Points of view: Elements of visual style},
  author={Krzywinski, M.},
  journal={Nature Methods},
  volume={10},
  number={5},
  pages={371--371},
  year={2013},
  publisher={Nature Publishing Group}
}
@book{Wilke2019,
author = {Wilke, Claus O},
booktitle = {O'Reilly Media},
isbn = {1492031089},
mendeley-groups = {datavis},
pages = {389},
title = {{Fundamentals of Data Visualization: A Primer on Making Informative and Compelling Figures}},
year = {2019}
}
@book{brown2021statistics,
  title={Statistics and data visualization using R: the art and practice of data analysis},
  author={Brown, David S},
  year={2021},
  publisher={SAGE Publications}
}
@book{mayer2013big,
  title={Big data: A revolution that will transform how we live, work, and think},
  author={Mayer-Sch{\"o}nberger, Viktor and Cukier, Kenneth},
  year={2013},
  publisher={Houghton Mifflin Harcourt}
}

